{"":2,"Affiliate":111387.993638,"Affiliates_LTA":737084.74,"Affiliates_MTA":439049.72,"DM":80579.69787,"Display":840575.57712,"Display_LTA":1.84158077e+06,"Display_MTA":1.04196384e+06,"FB":0,"FB_LTA":0,"FB_MTA":0,"Month":"2011-05","Partners":602765,"Partners_LTA":2.18998952e+06,"Partners_MTA":2.85817437e+06,"Revenue":2.014247312e+07,"SEM":881152.75696,"SEMBrand":72298.291601,"SEMCard":632697.88777,"SEMOther":28192.4816723,"SEMPBook":147964.095926,"SEM_LTA":2.13011158e+06,"SEM_MTA":1.80372147e+06,"TV":0,"TVImpression":0,"_id":{"$oid":"55a97a43977efefdb147e232"}}
{"":1,"Affiliate":74926.5086627,"Affiliates_LTA":555972.46,"Affiliates_MTA":345025.12,"DM":80579.69787,"Display":610444.26817,"Display_LTA":1.01129491e+06,"Display_MTA":463739.64,"FB":0,"FB_LTA":0,"FB_MTA":0,"Month":"2011-04","Partners":370938,"Partners_LTA":1.49699528e+06,"Partners_MTA":1.8912659e+06,"Revenue":1.632408341e+07,"SEM":866607.1567,"SEMBrand":55289.917669,"SEMCard":605915.186025,"SEMOther":61658.5709352,"SEMPBook":143743.482082,"SEM_LTA":1.72473935e+06,"SEM_MTA":1.49452437e+06,"TV":0,"TVImpression":0,"_id":{"$oid":"55a97a43977efefdb147e233"}}
{"":3,"Affiliate":111377.9577,"Affiliates_LTA":749166.08,"Affiliates_MTA":463578.19,"DM":261627.6143,"Display":886769.29467,"Display_LTA":1.96951185e+06,"Display_MTA":1.21372743e+06,"FB":0,"FB_LTA":0,"FB_MTA":0,"Month":"2011-06","Partners":654168,"Partners_LTA":2.12770703e+06,"Partners_MTA":2.57369646e+06,"Revenue":2.06263844e+07,"SEM":723655.88633,"SEMBrand":67462.980525,"SEMCard":468875.203448,"SEMOther":48299.3236378667,"SEMPBook":139018.37871,"SEM_LTA":2.11666503e+06,"SEM_MTA":1.7729392e+06,"TV":0,"TVImpression":0,"_id":{"$oid":"55a97a43977efefdb147e234"}}
{"":4,"Affiliate":92363.148711,"Affiliates_LTA":683892.7,"Affiliates_MTA":424546.19,"DM":161384.1833,"Display":501633.12207,"Display_LTA":1.73075122e+06,"Display_MTA":1.09481779e+06,"FB":0,"FB_LTA":0,"FB_MTA":0,"Month":"2011-07","Partners":553884,"Partners_LTA":1.57916842e+06,"Partners_MTA":1.70770469e+06,"Revenue":1.761930948e+07,"SEM":802980.42281,"SEMBrand":45005.5895655,"SEMCard":572992.236706,"SEMOther":23752.7665042,"SEMPBook":161229.83006,"SEM_LTA":2.16374681e+06,"SEM_MTA":1.75949316e+06,"TV":0,"TVImpression":0,"_id":{"$oid":"55a97a43977efefdb147e235"}}
{"":5,"Affiliate":113183.021733,"Affiliates_LTA":822671.7,"Affiliates_MTA":519667.97,"DM":161384.1833,"Display":527199.37533,"Display_LTA":1.74111744e+06,"Display_MTA":1.11462844e+06,"FB":0,"FB_LTA":0,"FB_MTA":0,"Month":"2011-08","Partners":424408,"Partners_LTA":1.34238988e+06,"Partners_MTA":1.44506128e+06,"Revenue":1.951498632e+07,"SEM":1.12682118877e+06,"SEMBrand":46400.650373,"SEMCard":859936.46267,"SEMOther":41669.9296132,"SEMPBook":178814.146132,"SEM_LTA":2.13914708e+06,"SEM_MTA":1.92716055e+06,"TV":0,"TVImpression":0,"_id":{"$oid":"55a97a43977efefdb147e236"}}
{"":6,"Affiliate":99560.659558,"Affiliates_LTA":699631.88,"Affiliates_MTA":489484.91,"DM":161384.1833,"Display":520536.28268,"Display_LTA":1.47794158e+06,"Display_MTA":1.01231673e+06,"FB":0,"FB_LTA":0,"FB_MTA":0,"Month":"2011-09","Partners":596372,"Partners_LTA":1.5816319e+06,"Partners_MTA":1.91056471e+06,"Revenue":1.918481086e+07,"SEM":852494.88839,"SEMBrand":51596.112835,"SEMCard":572376.794705,"SEMOther":59224.765828,"SEMPBook":169297.215039,"SEM_LTA":1.81305194e+06,"SEM_MTA":1.61564754e+06,"TV":0,"TVImpression":0,"_id":{"$oid":"55a97a43977efefdb147e237"}}
{"":7,"Affiliate":104611.863547,"Affiliates_LTA":707288.63,"Affiliates_MTA":435461.43,"DM":171014.1721,"Display":916819.1222,"Display_LTA":1.90300838e+06,"Display_MTA":1.18808039e+06,"FB":0,"FB_LTA":0,"FB_MTA":0,"Month":"2011-10","Partners":645281,"Partners_LTA":1.94992774e+06,"Partners_MTA":2.13708518e+06,"Revenue":1.94650845e+07,"SEM":902644.24901,"SEMBrand":56861.739784,"SEMCard":597407.434188,"SEMOther":93149.331581,"SEMPBook":155225.74343,"SEM_LTA":2.08722006e+06,"SEM_MTA":1.77301147e+06,"TV":0,"TVImpression":0,"_id":{"$oid":"55a97a43977efefdb147e238"}}
{"":8,"Affiliate":417236.58931,"Affiliates_LTA":2.97668866e+06,"Affiliates_MTA":1.46958521e+06,"DM":4.219833006e+06,"Display":1.95517488902e+06,"Display_LTA":6.60403758e+06,"Display_MTA":4.11800015e+06,"FB":0,"FB_LTA":0,"FB_MTA":0,"Month":"2011-11","Partners":1051705,"Partners_LTA":4.25390675e+06,"Partners_MTA":5.92855022e+06,"Revenue":7.105699499e+07,"SEM":3.08907358264e+06,"SEMBrand":110366.211528,"SEMCard":2.53796415032e+06,"SEMOther":196839.736499,"SEMPBook":243903.48447,"SEM_LTA":9.03940526e+06,"SEM_MTA":6.49029442e+06,"TV":0,"TVImpression":0,"_id":{"$oid":"55a97a43977efefdb147e239"}}
{"":9,"Affiliate":482309.547166,"Affiliates_LTA":4.86762581e+06,"Affiliates_MTA":2.52775527e+06,"DM":132083.2218,"Display":2.74418782859e+06,"Display_LTA":1.284289149e+07,"Display_MTA":8.58862924e+06,"FB":0,"FB_LTA":0,"FB_MTA":0,"Month":"2011-12","Partners":1350260,"Partners_LTA":6.72043493e+06,"Partners_MTA":8.10215036e+06,"Revenue":1.055057292e+08,"SEM":3.54788295813e+06,"SEMBrand":131894.274389,"SEMCard":2.784901366695e+06,"SEMOther":303940.601249,"SEMPBook":327146.715919,"SEM_LTA":1.705612877e+07,"SEM_MTA":1.236162912e+07,"TV":0,"TVImpression":0,"_id":{"$oid":"55a97a43977efefdb147e23a"}}
{"":10,"Affiliate":141816.518436,"Affiliates_LTA":1.13411937e+06,"Affiliates_MTA":705422.19,"DM":154142.394,"Display":714064.70173,"Display_LTA":2.24301398e+06,"Display_MTA":1.89025493e+06,"FB":0,"FB_LTA":0,"FB_MTA":0,"Month":"2012-01","Partners":640515,"Partners_LTA":2.2230944e+06,"Partners_MTA":3.36077172e+06,"Revenue":2.764417208e+07,"SEM":1.20266311476e+06,"SEMBrand":51195.035544,"SEMCard":740202.352707,"SEMOther":227941.211638,"SEMPBook":183324.514865,"SEM_LTA":2.85889072e+06,"SEM_MTA":2418469,"TV":0,"TVImpression":0,"_id":{"$oid":"55a97a43977efefdb147e23b"}}
{"":11,"Affiliate":76374.251876,"Affiliates_LTA":614375.85,"Affiliates_MTA":424811.96,"DM":135397.009,"Display":536566.41186,"Display_LTA":1.50213624e+06,"Display_MTA":1.11070907e+06,"FB":0,"FB_LTA":0,"FB_MTA":0,"Month":"2012-02","Partners":399914,"Partners_LTA":1.28550341e+06,"Partners_MTA":1.55475093e+06,"Revenue":1.643048063e+07,"SEM":582377.80928,"SEMBrand":37020.6496432,"SEMCard":323774.031534,"SEMOther":71125.635189,"SEMPBook":150457.49293,"SEM_LTA":1.85063879e+06,"SEM_MTA":1.5704197e+06,"TV":0,"TVImpression":0,"_id":{"$oid":"55a97a43977efefdb147e23c"}}
{"":12,"Affiliate":74869.047365,"Affiliates_LTA":590802.24,"Affiliates_MTA":419482.63,"DM":127439.0471,"Display":841468.04431,"Display_LTA":1.43271346e+06,"Display_MTA":1.12721135e+06,"FB":0,"FB_LTA":0,"FB_MTA":0,"Month":"2012-03","Partners":467500,"Partners_LTA":1.53899477e+06,"Partners_MTA":1.91550504e+06,"Revenue":1.748009673e+07,"SEM":841796.42595,"SEMBrand":39386.1371203,"SEMCard":507168.473825,"SEMOther":79568.631259,"SEMPBook":215673.183721,"SEM_LTA":1.79667371e+06,"SEM_MTA":1.65639718e+06,"TV":0,"TVImpression":0,"_id":{"$oid":"55a97a43977efefdb147e23d"}}
{"":13,"Affiliate":98469.995798,"Affiliates_LTA":802775.34,"Affiliates_MTA":541931.38,"DM":138094.6876,"Display":594358.69356,"Display_LTA":1.55361003e+06,"Display_MTA":1.15770706e+06,"FB":0,"FB_LTA":0,"FB_MTA":0,"Month":"2012-04","Partners":408450,"Partners_LTA":1.56783895e+06,"Partners_MTA":1.9609159e+06,"Revenue":1.969421679e+07,"SEM":942798.95843,"SEMBrand":46493.8504331,"SEMCard":630245.387257,"SEMOther":138214.252518,"SEMPBook":127845.4682183,"SEM_LTA":2.31137574e+06,"SEM_MTA":2.07929491e+06,"TV":0,"TVImpression":0,"_id":{"$oid":"55a97a43977efefdb147e23e"}}
{"":14,"Affiliate":108575.560635,"Affiliates_LTA":959472.16,"Affiliates_MTA":665998.86,"DM":135053.793,"Display":801223.62125,"Display_LTA":2.0550359e+06,"Display_MTA":1.43042791e+06,"FB":0,"FB_LTA":0,"FB_MTA":0,"Month":"2012-05","Partners":707996,"Partners_LTA":2.3537356e+06,"Partners_MTA":3.07382771e+06,"Revenue":2.447927788e+07,"SEM":1.20646154877e+06,"SEMBrand":54082.293174,"SEMCard":633915.20499,"SEMOther":269687.253154,"SEMPBook":248776.797438,"SEM_LTA":2.95563776e+06,"SEM_MTA":2.5832361e+06,"TV":0,"TVImpression":0,"_id":{"$oid":"55a97a43977efefdb147e23f"}}
{"":15,"Affiliate":88263.932426124,"Affiliates_LTA":851721.96,"Affiliates_MTA":592479.94,"DM":135319.8094,"Display":941265.25752,"Display_LTA":1.93178039e+06,"Display_MTA":1.34037152e+06,"FB":0,"FB_LTA":0,"FB_MTA":0,"Month":"2012-06","Partners":831671,"Partners_LTA":2.38259942e+06,"Partners_MTA":2.8157474e+06,"Revenue":2.199354039e+07,"SEM":637541.87284,"SEMBrand":56680.761203,"SEMCard":308170.021359,"SEMOther":95960.584578094,"SEMPBook":176730.505689,"SEM_LTA":2.3524238e+06,"SEM_MTA":2.09851247e+06,"TV":0,"TVImpression":0,"_id":{"$oid":"55a97a43977efefdb147e240"}}
{"":16,"Affiliate":53126.283249676,"Affiliates_LTA":860825.31,"Affiliates_MTA":621041.21,"DM":260431.5931,"Display":646695.43842,"Display_LTA":1.82238999e+06,"Display_MTA":1.34480102e+06,"FB":0,"FB_LTA":0,"FB_MTA":0,"Month":"2012-07","Partners":528006,"Partners_LTA":2.69355599e+06,"Partners_MTA":2.58591752e+06,"Revenue":2.297814914e+07,"SEM":647632.7114,"SEMBrand":61918.078188,"SEMCard":333081.357693,"SEMOther":102446.221538167,"SEMPBook":150187.053993,"SEM_LTA":2.23179108e+06,"SEM_MTA":2.00455013e+06,"TV":0,"TVImpression":0,"_id":{"$oid":"55a97a43977efefdb147e241"}}
{"":17,"Affiliate":95447.7210701,"Affiliates_LTA":794078.14,"Affiliates_MTA":586445.92,"DM":235100.2283,"Display":469467.406279,"Display_LTA":1.43128017e+06,"Display_MTA":1.27204214e+06,"FB":0,"FB_LTA":0,"FB_MTA":0,"Month":"2012-08","Partners":777757,"Partners_LTA":3.71221505e+06,"Partners_MTA":3.71207486e+06,"Revenue":2.317974715e+07,"SEM":813901.65126,"SEMBrand":78320.344919,"SEMCard":452708.590025,"SEMOther":121039.469039,"SEMPBook":161833.247265,"SEM_LTA":2.16247455e+06,"SEM_MTA":1.92089513e+06,"TV":0,"TVImpression":0,"_id":{"$oid":"55a97a43977efefdb147e242"}}
{"":18,"Affiliate":92970.9956815,"Affiliates_LTA":922733.09,"Affiliates_MTA":668756.04,"DM":461529.4886,"Display":226114.035297,"Display_LTA":868315.77,"Display_MTA":780393.44,"FB":0,"FB_LTA":0,"FB_MTA":0,"Month":"2012-09","Partners":933906,"Partners_LTA":4.02762351e+06,"Partners_MTA":4.35211847e+06,"Revenue":2.777472743e+07,"SEM":761455.72735,"SEMBrand":121012.891456,"SEMCard":411530.340849,"SEMOther":68688.729558,"SEMPBook":160223.765482,"SEM_LTA":2.6881579e+06,"SEM_MTA":2.18925846e+06,"TV":0,"TVImpression":0,"_id":{"$oid":"55a97a43977efefdb147e243"}}
{"":19,"Affiliate":75772.027156651,"Affiliates_LTA":878300.97,"Affiliates_MTA":574232.31,"DM":114988.4936,"Display":773268.56964,"Display_LTA":1.83060772e+06,"Display_MTA":986541.3005,"FB":73823.368014,"FB_LTA":169239.01,"FB_MTA":92355.6295031,"Month":"2012-10","Partners":548897,"Partners_LTA":2.70033447e+06,"Partners_MTA":2.49630738e+06,"Revenue":2.553041878e+07,"SEM":808769.09084,"SEMBrand":86840.51993,"SEMCard":489959.189546,"SEMOther":117094.572184,"SEMPBook":114874.809164,"SEM_LTA":2.88561051e+06,"SEM_MTA":2.45218479e+06,"TV":0,"TVImpression":0,"_id":{"$oid":"55a97a43977efefdb147e244"}}
{"":20,"Affiliate":202903.909240976,"Affiliates_LTA":3.16298532e+06,"Affiliates_MTA":1.68467785e+06,"DM":7.284637148e+06,"Display":1.1379585779e+06,"Display_LTA":7.00300198e+06,"Display_MTA":4.03458956429e+06,"FB":223627.959786,"FB_LTA":1.0203034e+06,"FB_MTA":594089.735845,"Month":"2012-11","Partners":1167036,"Partners_LTA":7.97358861e+06,"Partners_MTA":8.85616876e+06,"Revenue":9.136845892e+07,"SEM":2.54979292569e+06,"SEMBrand":232487.461404,"SEMCard":1.79848075529e+06,"SEMOther":291142.777517,"SEMPBook":227681.931501,"SEM_LTA":1.353590973e+07,"SEM_MTA":9.20288234e+06,"TV":1.0595301e+06,"TVImpression":120178300,"_id":{"$oid":"55a97a43977efefdb147e245"}}
{"":21,"Affiliate":316064.203627,"Affiliates_LTA":4.61571624e+06,"Affiliates_MTA":2.60734581e+06,"DM":153503.198,"Display":2.22473663238e+06,"Display_LTA":1.343010499e+07,"Display_MTA":8.3105147955e+06,"FB":526023.293825,"FB_LTA":2.33840311e+06,"FB_MTA":1.45167104431e+06,"Month":"2012-12","Partners":1892524,"Partners_LTA":1.401275776e+07,"Partners_MTA":1.551664048e+07,"Revenue":1.4385436409e+08,"SEM":3.39756999201e+06,"SEMBrand":359246.350675,"SEMCard":2.042561878438e+06,"SEMOther":661546.294859,"SEMPBook":334215.467794,"SEM_LTA":2.668486884e+07,"SEM_MTA":1.902564304e+07,"TV":773118.35,"TVImpression":109663200,"_id":{"$oid":"55a97a43977efefdb147e246"}}
{"":22,"Affiliate":66929,"Affiliates_LTA":1.01440683e+06,"Affiliates_MTA":617535.67,"DM":286695.321,"Display":683333.670257,"Display_LTA":2.69138521e+06,"Display_MTA":2.07227942859e+06,"FB":100279.692846,"FB_LTA":231408.16,"FB_MTA":185349.601381,"Month":"2013-01","Partners":1119333,"Partners_LTA":3.3540639e+06,"Partners_MTA":4.29162804e+06,"Revenue":3.513884651e+07,"SEM":906823.73486,"SEMBrand":135643.578788,"SEMCard":360703.370282,"SEMOther":261197.690483,"SEMPBook":149279.095348,"SEM_LTA":4.88100242e+06,"SEM_MTA":3.95697764e+06,"TV":0,"TVImpression":0,"_id":{"$oid":"55a97a43977efefdb147e247"}}
{"":23,"Affiliate":56135,"Affiliates_LTA":644379.22,"Affiliates_MTA":346426.71,"DM":219824.5449,"Display":355904.724793,"Display_LTA":1.5941079e+06,"Display_MTA":1.03999123089e+06,"FB":36377.0022376,"FB_LTA":64769.93,"FB_MTA":41102.6891339,"Month":"2013-02","Partners":548933,"Partners_LTA":1.87943401e+06,"Partners_MTA":2.1540232e+06,"Revenue":1.85729083e+07,"SEM":718938.54599,"SEMBrand":94913.210031,"SEMCard":355271.289138,"SEMOther":111787.895435,"SEMPBook":156966.151373,"SEM_LTA":2.62241274e+06,"SEM_MTA":2.1618572e+06,"TV":0,"TVImpression":0,"_id":{"$oid":"55a97a43977efefdb147e248"}}
{"":24,"Affiliate":67696,"Affiliates_LTA":740093.63,"Affiliates_MTA":434841.36,"DM":378571.7241,"Display":461233.574914,"Display_LTA":1.65259618e+06,"Display_MTA":1.20977019409e+06,"FB":211710.16492,"FB_LTA":193102.67,"FB_MTA":150124.92589,"Month":"2013-03","Partners":694378,"Partners_LTA":2.24235191e+06,"Partners_MTA":2.54368865e+06,"Revenue":2.215352355e+07,"SEM":730596.34917,"SEMBrand":101955.578378,"SEMCard":413340.271397,"SEMOther":91353.686204,"SEMPBook":123946.813205,"SEM_LTA":3.14020698e+06,"SEM_MTA":2.48998155e+06,"TV":0,"TVImpression":0,"_id":{"$oid":"55a97a43977efefdb147e249"}}
{"":25,"Affiliate":64440,"Affiliates_LTA":877075.69,"Affiliates_MTA":486993.16,"DM":430784.1553,"Display":306926.990616,"Display_LTA":1.99927814e+06,"Display_MTA":1.43170837303e+06,"FB":72780.5071856,"FB_LTA":111802.46,"FB_MTA":84664.05696,"Month":"2013-04","Partners":486648,"Partners_LTA":2.15851983e+06,"Partners_MTA":2.62379782e+06,"Revenue":2.53946804e+07,"SEM":1.08704605496e+06,"SEMBrand":111672.306438,"SEMCard":655156.24611,"SEMOther":139266.632892,"SEMPBook":180950.869508,"SEM_LTA":4.09777989e+06,"SEM_MTA":3.4495334e+06,"TV":1.1528295e+06,"TVImpression":106465030,"_id":{"$oid":"55a97a43977efefdb147e24a"}}
{"":26,"Affiliate":76827,"Affiliates_LTA":1.02352094e+06,"Affiliates_MTA":537309.31,"DM":129677.9675,"Display":442918.760394,"Display_LTA":2.70223386e+06,"Display_MTA":1.71378247493e+06,"FB":72689.562789,"FB_LTA":101485.39,"FB_MTA":65728.7250751,"Month":"2013-05","Partners":687352,"Partners_LTA":2.60857263e+06,"Partners_MTA":3.17985118e+06,"Revenue":2.957392997e+07,"SEM":930231.10909,"SEMBrand":140412.64191,"SEMCard":486229.689031,"SEMOther":136195.202673,"SEMPBook":167393.575481,"SEM_LTA":4.71503692e+06,"SEM_MTA":3.84902779e+06,"TV":592133.8,"TVImpression":68782630,"_id":{"$oid":"55a97a43977efefdb147e24b"}}
{"":27,"Affiliate":99714,"Affiliates_LTA":945087.81,"Affiliates_MTA":475788.39,"DM":165955.0472,"Display":514805.24899,"Display_LTA":2.1831165e+06,"Display_MTA":1.55520802624e+06,"FB":162606.310026,"FB_LTA":270875.65,"FB_MTA":195695.833738,"Month":"2013-06","Partners":917350,"Partners_LTA":3.01777401e+06,"Partners_MTA":4.06885618e+06,"Revenue":2.758871976e+07,"SEM":719634.78597,"SEMBrand":115629.172544,"SEMCard":224311.694091,"SEMOther":188228.984071,"SEMPBook":191464.935261,"SEM_LTA":3.9018095e+06,"SEM_MTA":3.15641802e+06,"TV":325274.6,"TVImpression":44263120,"_id":{"$oid":"55a97a43977efefdb147e24c"}}
{"":28,"Affiliate":77559,"Affiliates_LTA":848703.05,"Affiliates_MTA":457391.8,"DM":298437.9701,"Display":347866.374509,"Display_LTA":1.98771138e+06,"Display_MTA":1.35131352498e+06,"FB":67709.78534732,"FB_LTA":90095.96,"FB_MTA":63624.6850681,"Month":"2013-07","Partners":494829,"Partners_LTA":2.04810754e+06,"Partners_MTA":2.66479876e+06,"Revenue":2.485629059e+07,"SEM":673358.44546,"SEMBrand":110496.184884,"SEMCard":283998.822778,"SEMOther":84447.7785,"SEMPBook":194415.659281,"SEM_LTA":3.70851889e+06,"SEM_MTA":2.98748474e+06,"TV":0,"TVImpression":0,"_id":{"$oid":"55a97a43977efefdb147e24d"}}
{"":29,"Affiliate":89764,"Affiliates_LTA":842059.17,"Affiliates_MTA":440596.2,"DM":143700.8342,"Display":500050.091108,"Display_LTA":1.9484006e+06,"Display_MTA":1.28953793965e+06,"FB":104604.7022632,"FB_LTA":86168.39,"FB_MTA":57922.96035135,"Month":"2013-08","Partners":796221,"Partners_LTA":2.52261387e+06,"Partners_MTA":3.34353117e+06,"Revenue":2.448303325e+07,"SEM":724575.95454,"SEMBrand":140257.082578,"SEMCard":323973.851381,"SEMOther":88504.627323,"SEMPBook":171840.393251,"SEM_LTA":3.80469483e+06,"SEM_MTA":3.01098293e+06,"TV":0,"TVImpression":0,"_id":{"$oid":"55a97a43977efefdb147e24e"}}
{"":30,"Affiliate":87781,"Affiliates_LTA":952554.54,"Affiliates_MTA":500477,"DM":310262.5357,"Display":656478.89436,"Display_LTA":1.96966307e+06,"Display_MTA":1.44698704429e+06,"FB":144292.262396094,"FB_LTA":124751.26,"FB_MTA":91298.735701,"Month":"2013-09","Partners":901051,"Partners_LTA":2.90618149e+06,"Partners_MTA":4.22029528e+06,"Revenue":2.798637444e+07,"SEM":835841.15001,"SEMBrand":138286.187593,"SEMCard":384950.408714,"SEMOther":110177.329322,"SEMPBook":202427.224378,"SEM_LTA":4.15132648e+06,"SEM_MTA":3.23561973e+06,"TV":0,"TVImpression":0,"_id":{"$oid":"55a97a43977efefdb147e24f"}}
{"":31,"Affiliate":77524,"Affiliates_LTA":969649.83,"Affiliates_MTA":484181.02,"DM":371207.1238,"Display":984219.58596,"Display_LTA":2.23869954e+06,"Display_MTA":1.55714857365e+06,"FB":93613.250292,"FB_LTA":137465.91,"FB_MTA":95043.086295,"Month":"2013-10","Partners":501623,"Partners_LTA":2.0098523e+06,"Partners_MTA":2.92716662e+06,"Revenue":2.868395486e+07,"SEM":867744.23684,"SEMBrand":142728.158942,"SEMCard":422645.664154,"SEMOther":115829.560872,"SEMPBook":186540.852888,"SEM_LTA":4.75822686e+06,"SEM_MTA":3.58203115e+06,"TV":0,"TVImpression":0,"_id":{"$oid":"55a97a43977efefdb147e250"}}
{"":32,"Affiliate":197934,"Affiliates_LTA":2.81511578e+06,"Affiliates_MTA":1.21863724e+06,"DM":1.003369491e+07,"Display":1.34370016891e+06,"Display_LTA":8.36383336e+06,"Display_MTA":4.15715703209e+06,"FB":437473.841691,"FB_LTA":2.53311764e+06,"FB_MTA":1.252939077751e+06,"Month":"2013-11","Partners":986866,"Partners_LTA":4.8842799e+06,"Partners_MTA":6.9897868e+06,"Revenue":8.935549769e+07,"SEM":2.45433066286e+06,"SEMBrand":279865.483027,"SEMCard":1.66121995302e+06,"SEMOther":268575.828009,"SEMPBook":244669.398878,"SEM_LTA":1.65346119e+07,"SEM_MTA":1.109122593e+07,"TV":1.8264171e+06,"TVImpression":193668000,"_id":{"$oid":"55a97a43977efefdb147e251"}}
{"":33,"Affiliate":440687,"Affiliates_LTA":6.28991744e+06,"Affiliates_MTA":2.79140833e+06,"DM":186206.1819,"Display":2.69704872509e+06,"Display_LTA":1.894336554e+07,"Display_MTA":1.241375577918e+07,"FB":947264.45803,"FB_LTA":5.47739392e+06,"FB_MTA":3.60169083088e+06,"Month":"2013-12","Partners":1880667,"Partners_LTA":1.001304758e+07,"Partners_MTA":1.422949472e+07,"Revenue":1.7629795677e+08,"SEM":4.5528566402e+06,"SEMBrand":418412.696133,"SEMCard":3.117686443492e+06,"SEMOther":600653.934422,"SEMPBook":416103.566467,"SEM_LTA":3.84579807e+07,"SEM_MTA":2.83127949067e+07,"TV":2.2477587e+06,"TVImpression":238472000,"_id":{"$oid":"55a97a43977efefdb147e252"}}
{"":34,"Affiliate":99749,"Affiliates_LTA":1.2826221e+06,"Affiliates_MTA":719803.6,"DM":445256,"Display":433756,"Display_LTA":3.4366331e+06,"Display_MTA":2.7579309e+06,"FB":74621,"FB_LTA":532726.1,"FB_MTA":415019.7,"Month":"2014-01","Partners":936497,"Partners_LTA":2.8301514e+06,"Partners_MTA":3.8108012e+06,"Revenue":3.639392095e+07,"SEM":995331,"SEMBrand":159865,"SEMCard":463161,"SEMOther":178499,"SEMPBook":193806,"SEM_LTA":7.0104399e+06,"SEM_MTA":5.8355514e+06,"TV":0,"TVImpression":0,"_id":{"$oid":"55a97a43977efefdb147e253"}}
{"":35,"Affiliate":67392,"Affiliates_LTA":733325.6,"Affiliates_MTA":440078,"DM":134726,"Display":416544,"Display_LTA":2.2033436e+06,"Display_MTA":1.3435989e+06,"FB":78442,"FB_LTA":481601.3,"FB_MTA":291461.7,"Month":"2014-02","Partners":648508,"Partners_LTA":1.7791795e+06,"Partners_MTA":2.1816845e+06,"Revenue":2.344605711e+07,"SEM":780862,"SEMBrand":120283,"SEMCard":398543,"SEMOther":87401,"SEMPBook":174637,"SEM_LTA":4.3171554e+06,"SEM_MTA":3808641,"TV":0,"TVImpression":0,"_id":{"$oid":"55a97a43977efefdb147e254"}}
{"":36,"Affiliate":105816,"Affiliates_LTA":976019.4,"Affiliates_MTA":580329.6,"DM":247521,"Display":538715,"Display_LTA":2.3765463e+06,"Display_MTA":1.5809573e+06,"FB":158432,"FB_LTA":483556.6,"FB_MTA":322227.6,"Month":"2014-03","Partners":768508,"Partners_LTA":1.9990186e+06,"Partners_MTA":2.6067228e+06,"Revenue":2.70590287e+07,"SEM":788389,"SEMBrand":167522,"SEMCard":408368,"SEMOther":126044,"SEMPBook":86453,"SEM_LTA":4.7756034e+06,"SEM_MTA":4.1254527e+06,"TV":0,"TVImpression":0,"_id":{"$oid":"55a97a43977efefdb147e255"}}
{"":37,"Affiliate":90457,"Affiliates_LTA":1.0033616e+06,"Affiliates_MTA":578392.9,"DM":530326,"Display":454738,"Display_LTA":2.7671843e+06,"Display_MTA":1.8750031e+06,"FB":86653,"FB_LTA":405905.1,"FB_MTA":276224.2,"Month":"2014-04","Partners":558027,"Partners_LTA":2.0792345e+06,"Partners_MTA":2.3353916e+06,"Revenue":3.021632519e+07,"SEM":1235381,"SEMBrand":167766,"SEMCard":741042,"SEMOther":164313,"SEMPBook":162256,"SEM_LTA":6.4487776e+06,"SEM_MTA":5.6108401e+06,"TV":0,"TVImpression":111168400,"_id":{"$oid":"55a97a43977efefdb147e256"}}
{"":38,"Affiliate":92719,"Affiliates_LTA":1.1607568e+06,"Affiliates_MTA":615232.9,"DM":392902,"Display":507478,"Display_LTA":3.0487848e+06,"Display_MTA":2.1045203e+06,"FB":78919,"FB_LTA":291244.6,"FB_MTA":201170.3,"Month":"2014-05","Partners":743881,"Partners_LTA":2.4038109e+06,"Partners_MTA":2.8864092e+06,"Revenue":3.383641693e+07,"SEM":1084283,"SEMBrand":168483,"SEMCard":606589,"SEMOther":118932,"SEMPBook":190277,"SEM_LTA":6.7096386e+06,"SEM_MTA":5.9712597e+06,"TV":568085,"TVImpression":75670900,"_id":{"$oid":"55a97a43977efefdb147e257"}}
{"":39,"Affiliate":79610,"Affiliates_LTA":1.0035438e+06,"Affiliates_MTA":530800.5,"DM":214288,"Display":465208,"Display_LTA":2.6056852e+06,"Display_MTA":1.6760299e+06,"FB":114312,"FB_LTA":396261.7,"FB_MTA":255095.3,"Month":"2014-06","Partners":851106,"Partners_LTA":2.5447741e+06,"Partners_MTA":3367496,"Revenue":3.127152686e+07,"SEM":633072,"SEMBrand":147938,"SEMCard":253852,"SEMOther":83342,"SEMPBook":147939,"SEM_LTA":4938536,"SEM_MTA":4.3784122e+06,"TV":276233,"TVImpression":32412100,"_id":{"$oid":"55a97a43977efefdb147e258"}}
{"":40,"Affiliate":105128,"Affiliates_LTA":766301,"Affiliates_MTA":469102,"DM":339509,"Display":429571,"Display_LTA":2432554,"Display_MTA":1504826,"FB":123853,"FB_LTA":533147,"FB_MTA":327717,"Month":"2014-07","Partners":542453,"Partners_LTA":1852168,"Partners_MTA":2438316,"Revenue":28369860,"SEM":724324,"SEMBrand":105027,"SEMCard":253255,"SEMOther":189888,"SEMPBook":176157,"SEM_LTA":4810594,"SEM_MTA":4195388,"TV":0,"TVImpression":0,"_id":{"$oid":"55a97a43977efefdb147e259"}}
{"":41,"Affiliate":158550,"Affiliates_LTA":409931,"Affiliates_MTA":297889,"DM":491716,"Display":519308,"Display_LTA":1686273,"Display_MTA":1159242,"FB":167675,"FB_LTA":547951,"FB_MTA":375906,"Month":"2014-08","Partners":852806,"Partners_LTA":1900506,"Partners_MTA":2466854,"Revenue":25035742,"SEM":718450,"SEMBrand":105410,"SEMCard":221802,"SEMOther":211732,"SEMPBook":179498,"SEM_LTA":4317073,"SEM_MTA":3794172,"TV":0,"TVImpression":0,"_id":{"$oid":"55a97a43977efefdb147e25a"}}
{"":42,"Affiliate":161307,"Affiliates_LTA":821884,"Affiliates_MTA":435968,"DM":507675,"Display":973042,"Display_LTA":1828056,"Display_MTA":1296224,"FB":168621,"FB_LTA":565425,"FB_MTA":401481,"Month":"2014-09","Partners":1045240,"Partners_LTA":2685644,"Partners_MTA":4230195,"Revenue":32713908,"SEM":1057037,"SEMBrand":135534,"SEMCard":390198,"SEMOther":293082,"SEMPBook":238225,"SEM_LTA":5440200,"SEM_MTA":4484975,"TV":0,"TVImpression":0,"_id":{"$oid":"55a97a43977efefdb147e25b"}}
{"":43,"Affiliate":128555,"Affiliates_LTA":945101,"Affiliates_MTA":482842,"DM":437344,"Display":758943,"Display_LTA":1585361,"Display_MTA":1066260,"FB":157406,"FB_LTA":492151,"FB_MTA":355360,"Month":"2014-10","Partners":825596,"Partners_LTA":2263224,"Partners_MTA":3190151,"Revenue":32507522,"SEM":1042463,"SEMBrand":140846,"SEMCard":462233,"SEMOther":247873,"SEMPBook":191516,"SEM_LTA":5930914,"SEM_MTA":5125564,"TV":0,"TVImpression":0,"_id":{"$oid":"55a97a43977efefdb147e25c"}}
{"":44,"Affiliate":379459,"Affiliates_LTA":3061593,"Affiliates_MTA":1254706,"DM":8427459,"Display":1496316,"Display_LTA":7415177,"Display_MTA":4580707,"FB":554774,"FB_LTA":2317699,"FB_MTA":1427426,"Month":"2014-11","Partners":1214712,"Partners_LTA":6236665,"Partners_MTA":11558047,"Revenue":111031224,"SEM":2999398,"SEMBrand":259771,"SEMCard":1911823,"SEMOther":497901,"SEMPBook":329900,"SEM_LTA":20275319,"SEM_MTA":14482456,"TV":2515080,"TVImpression":222973500,"_id":{"$oid":"55a97a43977efefdb147e25d"}}
{"":45,"Affiliate":771805,"Affiliates_LTA":6169018,"Affiliates_MTA":2436446,"DM":168605,"Display":2284808,"Display_LTA":14764584,"Display_MTA":10407328,"FB":904081,"FB_LTA":4763441,"FB_MTA":3354045,"Month":"2014-12","Partners":1678466,"Partners_LTA":11273986,"Partners_MTA":21407875,"Revenue":196832808,"SEM":5553048,"SEMBrand":444228,"SEMCard":3349256,"SEMOther":1126278,"SEMPBook":633287,"SEM_LTA":43321804,"SEM_MTA":32334776,"TV":2197153,"TVImpression":172169800,"_id":{"$oid":"55a97a43977efefdb147e25e"}}
{"":46,"Affiliate":80244,"Affiliates_LTA":1224932,"Affiliates_MTA":629772,"DM":384897,"Display":425398,"Display_LTA":2257171,"Display_MTA":1815659,"FB":150389,"FB_LTA":691207,"FB_MTA":402876,"Month":"2015-01","Partners":1118944,"Partners_LTA":3418714,"Partners_MTA":5989201,"Revenue":40309494,"SEM":898576,"SEMBrand":205190,"SEMCard":349518,"SEMOther":165386,"SEMPBook":178480,"SEM_LTA":7501474,"SEM_MTA":6597105,"TV":0,"TVImpression":0,"_id":{"$oid":"55a97a43977efefdb147e25f"}}
{"":47,"Affiliate":69246,"Affiliates_LTA":747829,"Affiliates_MTA":396807,"DM":420653,"Display":409823,"Display_LTA":1549941,"Display_MTA":1059414,"FB":91170,"FB_LTA":591888,"FB_MTA":284185,"Month":"2015-02","Partners":963002,"Partners_LTA":2513550,"Partners_MTA":3641312,"Revenue":26296084,"SEM":812140,"SEMBrand":175587,"SEMCard":284478,"SEMOther":195564,"SEMPBook":156513,"SEM_LTA":5010836,"SEM_MTA":4302993,"TV":0,"TVImpression":0,"_id":{"$oid":"55a97a43977efefdb147e260"}}
{"":48,"Affiliate":86835,"Affiliates_LTA":927833,"Affiliates_MTA":470966,"DM":117289,"Display":558836,"Display_LTA":1856122,"Display_MTA":1227764,"FB":118820,"FB_LTA":659935,"FB_MTA":322795,"Month":"2015-03","Partners":1060416,"Partners_LTA":2879939,"Partners_MTA":4607843,"Revenue":30796779,"SEM":855720,"SEMBrand":230888,"SEMCard":277098,"SEMOther":198471,"SEMPBook":149265,"SEM_LTA":5.47304263e+06,"SEM_MTA":4678466,"TV":0,"TVImpression":0,"_id":{"$oid":"55a97a43977efefdb147e261"}}
{"":49,"Affiliate":66698,"Affiliates_LTA":961931,"Affiliates_MTA":527506,"DM":799680,"Display":390164,"Display_LTA":2551460,"Display_MTA":1671335,"FB":111389,"FB_LTA":885965,"FB_MTA":475733,"Month":"2015-04","Partners":618611,"Partners_LTA":2625992,"Partners_MTA":3612269,"Revenue":35395984,"SEM":1266526,"SEMBrand":214582,"SEMCard":563352,"SEMOther":321104,"SEMPBook":167491,"SEM_LTA":7836592,"SEM_MTA":6880252,"TV":515210,"TVImpression":51365800,"_id":{"$oid":"55a97a43977efefdb147e262"}}
{"":50,"Affiliate":89881,"Affiliates_LTA":1077961,"Affiliates_MTA":562740,"DM":449754,"Display":615545,"Display_LTA":2523242,"Display_MTA":1780539,"FB":116168,"FB_LTA":866299,"FB_MTA":479372,"Month":"2015-05","Partners":771600,"Partners_LTA":3111201,"Partners_MTA":4646866,"Revenue":37941801,"SEM":1447050,"SEMBrand":226473,"SEMCard":671026,"SEMOther":343506,"SEMPBook":206043,"SEM_LTA":7875569,"SEM_MTA":7013435,"TV":457123,"TVImpression":58239700,"_id":{"$oid":"55a97a43977efefdb147e263"}}
